<?xml version="1.0" encoding="UTF-8"?><record xmlns="http://www.loc.gov/MARC21/slim" xmlns:cinclude="http://apache.org/cocoon/include/1.0" xmlns:zs="http://www.loc.gov/zing/srw/">
  <leader>00586cz  a2200169n  4500</leader>
  <controlfield tag="001">no2001009959</controlfield>
  <controlfield tag="003">DLC</controlfield>
  <controlfield tag="005">20071013075103.0</controlfield>
  <controlfield tag="008">010206n| acannaabn          |a aaa      </controlfield>
  <datafield tag="010" ind1=" " ind2=" ">
    <subfield code="a">no2001009959</subfield>
  </datafield>
  <datafield tag="035" ind1=" " ind2=" ">
    <subfield code="a">(OCoLC)oca05410114</subfield>
  </datafield>
  <datafield tag="040" ind1=" " ind2=" ">
    <subfield code="a">DLC-ON</subfield>
    <subfield code="b">eng</subfield>
    <subfield code="c">DLC-ON</subfield>
    <subfield code="d">DLC</subfield>
  </datafield>
  <datafield tag="100" ind1="1" ind2=" ">
    <subfield code="a">Ciḍagopakara, Alakā</subfield>
  </datafield>
  <datafield tag="400" ind1="0" ind2=" ">
    <subfield code="a">Alakā Ciḍagopakara</subfield>
  </datafield>
  <datafield tag="400" ind1="0" ind2=" ">
    <subfield code="a">Alakā Sarvottama Ciḍagopakara</subfield>
  </datafield>
  <datafield tag="670" ind1=" " ind2=" ">
    <subfield code="a">Bahiṇābāīñcī gāṇī, 2000:</subfield>
    <subfield code="b">t.p. (Ḍô. Alakā Ciḍagopakara)</subfield>
  </datafield>
  <datafield tag="670" ind1=" " ind2=" ">
    <subfield code="a">Arvacina Marathi kavayitri, 1850-1940:</subfield>
    <subfield code="b">t.p. (Ḍô. Alakā Sarvottama Ciḍagopakara)</subfield>
  </datafield>
</record>